<record><leader>00000cas a2200000Ma 4500</leader><controlfield tag="001">10886123</controlfield><controlfield tag="008">840626d18561856nhudn ne      0    0eng d</controlfield><datafield ind1=" " ind2=" " tag="010"><subfield code="a">sn 84023429 </subfield></datafield><datafield ind1=" " ind2=" " tag="040"><subfield code="a">AQM</subfield><subfield code="b">eng</subfield><subfield code="c">AQM</subfield><subfield code="d">OCLCQ</subfield></datafield><datafield ind1="0" ind2=" " tag="130"><subfield code="a">Daily evening gazette (Portsmouth, N.H.)</subfield></datafield><datafield ind1="1" ind2="0" tag="245"><subfield code="a">Daily evening gazette.</subfield></datafield><datafield ind1=" " ind2=" " tag="260"><subfield code="a">Portsmouth, N.H. :</subfield><subfield code="b">Edward N. Fuller,</subfield><subfield code="c">1856-</subfield></datafield><datafield ind1=" " ind2=" " tag="300"><subfield code="a">1 v. ;</subfield><subfield code="c">13 cm.</subfield></datafield><datafield ind1=" " ind2=" " tag="310"><subfield code="a">Daily (except Sun.)</subfield></datafield><datafield ind1="0" ind2=" " tag="362"><subfield code="a">Vol. 1, no. 1 (Jan 21, 1856)-v.1, no. 100 (May 22, 1856).</subfield></datafield><datafield ind1=" " ind2=" " tag="515"><subfield code="a">Duplicate numbering for Apr. 7,8,and 9, 1856. All numbered vol. 1 no. 63.</subfield></datafield><datafield ind1=" " ind2=" " tag="515"><subfield code="a">No issue for Apr. 10, 1856.</subfield></datafield><datafield ind1=" " ind2=" " tag="580"><subfield code="a">Weekly ed.: New Hampshire gazette (Portsmouth, N.H. : 1852).</subfield></datafield><datafield ind1=" " ind2="7" tag="655"><subfield code="a">Newspapers.</subfield><subfield code="2">rbgenr</subfield></datafield><datafield ind1=" " ind2=" " tag="752"><subfield code="a">United States</subfield><subfield code="b">New Hampshire</subfield><subfield code="c">Rockingham</subfield><subfield code="d">Portsmouth.</subfield></datafield><datafield ind1="1" ind2=" " tag="775"><subfield code="t">New Hampshire gazette (Portsmouth, N.H. : 1852)</subfield><subfield code="w">(DLC)sn 84023142</subfield></datafield><datafield ind1="0" ind2="0" tag="780"><subfield code="t">New Hampshire gazette and city advertiser</subfield></datafield></record>